%%% Ejemplo de diferentes tipos de referencias blibliograficas

% Articulo
@article{vega19b,
  author    = {Vega, Julio and Ca\~nas, J.M.},
  year      = {2019},
  title     = {{PyBoKids}: An Innovative Python-Based Educational Framework Using Real and Simulated {Arduino} Robots},
  journal   = {Electronics},
  publisher = {MDPI},
  month     = {August},
  volume    = {8},
  pages     = {899-915},
  doi       = {10.3390/electronics8080899},
  issn      = {2079-9292},
  ps        = {https://gsyc.urjc.es/jmvega/research/pubs/2019-electronics-PyBoKidsFramework.pdf}
}

@article{neocognitron,
  author  = {Fukushima, Kunihiko},
  title   = {Neocognitron: A Self-organizing Neural Network Model for a Mechanism of Pattern Recognition Unaffected by Shift in Position},
  journal = {NHK Broadcasting Science Research Laboratories},
  month   = {October},
  year    = {1979},
  http    = {https://www.rctn.org/bruno/public/papers/Fukushima1980.pdf}
}

% Miscelanea: entrevista, recorte de periodico, etc.
@misc{vega19a,
  author       = {Vega, Julio},
  howpublished = {URJC, on-line newspaper interview},
  place        = {Madrid, Spain},
  title        = {El profesor {Julio} {Vega}, finalista del concurso '{Ciencia} en {Acci\'on} 2019'},
  journal      = {urjc.es},
  year         = {2019},
  month        = {July},
  http         = {https://www.urjc.es/todas-las-noticias-de-actualidad/4478-el-profesor-julio-vega-finalista-del-concurso-ciencia-en-accion-2019}
}

@misc{canonical32bits,
  author       = {J.Pomeyrol},
  howpublished = {Muy Linux},
  title        = {Canonical concreta el soporte de 32-bit para Ubuntu 20.04 LTS},
  journal      = {muylinux.com},
  year         = {2019},
  month        = {September},
  http         = {https://www.muylinux.com/2019/09/19/soporte-32-bit-ubuntu-20-04-lts/}
}

@article{saej3016,
  author  = {SAE, International},
  title   = {SAE J3016 Levels of Driving Automation},
  journal = {SAE J3016},
  year    = {2018},
  month   = {July},
  http    = {https://www.sae.org/standards/content/j3016_201806/}
}

@article{phobos,
  title   = {Phobos: A tool for creating complex robot models},
  author  = {von Szadkowski, Kai and Reichel, Simon},
  journal = {Journal of Open Source Software},
  volume  = {5},
  number  = {45},
  pages   = {1326},
  year    = {2020}
}

@article{adam,
  doi = {10.48550/ARXIV.1412.6980},
  url = {https://arxiv.org/abs/1412.6980},
  author = {Kingma, Diederik P. and Ba, Jimmy},
  keywords = {Machine Learning (cs.LG), FOS: Computer and information sciences, FOS: Computer and information sciences},
  title = {Adam: A Method for Stochastic Optimization},
  publisher = {arXiv},
  year = {2014},
  copyright = {arXiv.org perpetual, non-exclusive license}
}


@article{autopilottesla,
  author  = {Today, Corporates},
  title   = {Why Tesla using Pytorch for Autopilot},
  journal = {Corporates Today},
  year    = {2021},
  month   = {March},
  http    = {https://corporates.today/why-tesla-using-pytorch-for-autopilot}
}


@article{nightvision,
  author  = {Raiciu, Tudor},
  title   = {How Night Vision Works},
  journal = {autoevolution.com},
  year    = {2009},
  month   = {May},
  http    = {https://www.autoevolution.com/news/how-night-vision-works-6891.html}
}

@misc{distanceopencv,
  author  = {Dal, Asadullah},
  title   = {Distance(webcam) Estimation with single-camera OpenCV-python},
  journal = {medium.com},
  year    = {2021},
  month   = {December},
  http    = {https://medium.com/mlearning-ai/distance-estimation-with-single-camera-opencv-python-298a96383c2b}
}

@misc{teslazenrdna2,
  author  = {Ros, Isidro},
  title   = {Tesla monta CPUs Zen de AMD y GPUs RDNA 2 en sus coches},
  journal = {muycomputer.com},
  year    = {2021},
  month   = {November},
  http    = {https://www.muycomputer.com/2021/11/10/tesla-zen-rdna-2-coches/}
}


% Tesis
@phdthesis{vega18b,
  author = {Vega, Julio},
  title  = {Educational framework using robots with vision for constructivist teaching {Robotics} to pre-university students},
  type   = {Doctoral thesis on Computer Science and Artificial Intelligence},
  school = {University of Alicante},
  year   = {2018},
  month  = {September},
  ps     = {https://gsyc.urjc.es/jmvega/research/pubs/2018-Thesis-JulioVega.pdf},
  pdf    = {https://gsyc.urjc.es/jmvega/research/pubs/2018-Thesis-Defense-JulioVega.pdf},
  dvi    = {http://hdl.handle.net/10045/90414},
  http   = {https://www.educacion.es/teseo/mostrarRef.do?ref=1704702}
}



% Congreso
@inproceedings{vega18a,
  author    = {Vega, Julio},
  year      = {2018},
  title     = {{JdeRobot-Kids} framework for teaching robotics and vision algorithms},
  booktitle = {II jornada de investigaci\'on doctoral},
  publisher = {University of Alicante},
  month     = {June},
  ps        = {https://gsyc.urjc.es/jmvega/research/pubs/2018-posterUA-JdeRobotKidsFramework.pdf}
}

% Capitulo de libro
@inbook{vega12e,
  author    = {Vega, Julio and Perdices, E. and Ca\~nas, J.M.},
  year      = {2012},
  title     = {Attentive visual memory for robot localization},
  isbn      = {978-1-4666-2672-0 (hardcover)},
  booktitle = {Robotic Vision: Technologies for Machine Learning and Vision Applications},
  pages     = {408-438},
  month     = {September},
  publisher = {IGI Global, USA},
  note      = {Text not available. This book is protected by copyright}
}


